@misc{kinveywebsite,
    author    = "Kinvery",
    title     = "Backend as a Service Whitepaper",
    url       = "http://go.kinvey.com/baas-ecosystem-whitepaper/",
    date      = "March 2017",
    keywords  = "mbaas",
    note = {Available at \url{http://go.kinvey.com/baas-ecosystem-whitepaper/}, (Accessed Date March 2017) }
}

@misc{acodingwebsite,
    author    = "A-Coding",
    title     = "A review of iOS dependency managers",
    url       = "https://a-coding.com/a-review-of-ios-dependency-managers/",
    date      = "March 2017",
    keywords  = "frameworks",
    note = {Available at \url{https://a-coding.com/a-review-of-ios-dependency-managers/}, (Accessed Date March 2017) }
}

@misc{pods,
    author    = "",
    title     = "CoocaPods",
    url       = "https://cocoapods.org",
    date      = "March 2017",
    keywords  = "frameworks",
    note = {Available at \url{https://cocoapods.org}, (Accessed Date March 2017) }
}

@misc{carthage,
    author    = "",
    title     = "Carthage",
    url       = "https://github.com/Carthage/Carthage",
    date      = "March 2017",
    keywords  = "frameworks",
    note = {Available at \url{https://github.com/Carthage/Carthage}, (Accessed Date March 2017) }
}

@misc{python,
    author    = "",
    title     = "Welcome to Python.org",
    url       = "https://www.python.org",
    date      = "October 2016",
    keywords  = "language",
    note = {Available at \url{https://www.python.org}, (Accessed Date October 2016) }
}

@misc{node,
    author    = "",
    title     = "Foundation N. Node.js",
    url       = " https://nodejs.org",
    date      = "October 2016",
    keywords  = "webserver",
    note = {Available at \url{ https://nodejs.org}, (Accessed Date October 2016) }
}


@misc{sql,
    author    = "",
    title     = "MySQL",
    url       = "https://www.mysql.com",
    date      = "October 2016",
    keywords  = "database",
    note = {Available at \url{https://www.mysql.com}, (Accessed Date October 2016) }
}

@misc{mongoDB,
    author    = "",
    title     = "mongoDB| For Giant Ideas",
    url       = "https://www.mongodb.com",
    date      = "October 2016",
    keywords  = "database",
    note = {Available at \url{https://www.mongodb.com}, (Accessed Date October 2016) }
}

@misc{postgreSQL,
    author    = "",
    title     = "PostgreSQL: The world's most advanced open source database",
    url       = "https://www.postgresql.org",
    date      = "October 2016",
    keywords  = "database",
    note = {Available at \url{https://www.postgresql.org}, (Accessed Date October 2016) }
}


@misc{objectiveC,
    author    = "Apple",
    title     = "About Objective-C",
    url       = "https://developer.apple.com/library/content/documentation/Cocoa/Conceptua l/ProgrammingWithObjectiveC/Introduction/Introduction.html",
    date      = "October 2016",
    keywords  = "language",
    note = {Available at \url{https://developer.apple.com/library/content/documentation/Cocoa/Conceptual/ProgrammingWithObjectiveC/Introduction/Introduction.html}, (Accessed Date October 2016) }
}


@misc{swift,
    author    = "Apple",
    title     = "Swift - Apple Developer",
    url       = "https://developer.apple.com/swift/",
    date      = "October 2016",
    keywords  = "language",
    note = {Available at \url{https://developer.apple.com/swift/}, (Accessed Date October 2016) }
}


@misc{ipv4,
    author    = "Inquirer T",
    title     = "As the US runs out of IPv4 addresses B, Latest I, read M. As the US runs out of IPv4 addresses, BT confirms UK rollout of IPv6 | TheINQUIRER",
    url       = "http://www.theinquirer.net/inquirer/news/2427696/as-the-us-runs-out-of-ipv 4-addresses-bt-confirms-uk-rollout-of-ipv6",
    date      = "November 2016",
    keywords  = "IPV",
    note = {Available at \url{http://www.theinquirer.net/inquirer/news/2427696/as-the-us-runs-out-of-ipv 4-addresses-bt-confirms-uk-rollout-of-ipv6}, (Accessed Date November 2016) }
}


@misc{ipv6,
    author    = "Apple",
    title     = " Supporting IPv6-only Networks - News and Updates - Apple Developer",
    url       = "https://developer.apple.com/news/?id=05042016a",
    date      = "November 2016",
    keywords  = "IPV6",
    note = {Available at \url{https://developer.apple.com/news/?id=05042016a}, (Accessed Date November 2016) }
}


@misc{appleguidlines,
    author    = "Apple",
    title     = "App Store Review Guidelines - Apple Developer",
    url       = "https://developer.apple.com/app-store/review/guidelines/",
    date      = "November 2016",
    keywords  = "frameworks",
    note = {Available at \url{https://developer.apple.com/app-store/review/guidelines/}, (Accessed Date November 2016) }
}


@misc{vfl,
    author    = "Apple",
    title     = "Auto Layout Guide: Visual Format Language.",
    url       = "https://developer.apple.com/library/content/documentation/UserExperience/Conceptual/AutolayoutPG/VisualFormatLanguage.html#//apple_ref/doc/uid/T P40010853-CH27-SW1",
    date      = "November 2016",
    keywords  = "VFL",
    note = {Available at \url{https://developer.apple.com/library/content/documentation/UserExperience/Conceptual/AutolayoutPG/VisualFormatLanguage.html#//apple_ref/doc/uid/T P40010853-CH27-SW1}, (Accessed Date November 2016) }
}


@misc{swrve,
    author    = "Swrve",
    title     = "The World's Leading Mobile A/B Testing Solution | Swrve",
    url       = "https://www.swrve.com/product/a-b-testing",
    date      = "March 2017",
    keywords  = "frameworks",
    note = {Available at \url{https://www.swrve.com/product/a-b-testing}, (Accessed Date November 2016)}
}


@misc{ted,
    author    = "Ted Schadler",
    title     = "Ted Schadler's Blog",
    url       = "http://blogs.forrester.com/ted_schadler/13-11-20-mobile_needs_a_four_tier_engagement_platform?utm_source=time-to-move-to-a-four-tier-application-archite cture&utm_medium=blog",
    date      = "November 2016",
    keywords  = "four_tie",
    note = {Available at \url{http://blogs.forrester.com/ted_schadler/13-11-20-mobile_needs_a_four_tier_engagement_platform?utm_source=time-to-move-to-a-four-tier-application-archite cture&utm_medium=blog}, (Accessed Date November 2016) }
}


@misc{swift2,
    author    = "Mayo B",
    title     = " Swift is quickly rising in popularity as a developer language ... but how much is Apple using Swift?",
    url       = "https://9to5mac.com/2016/01/18/swift-is-quickly-rising-in-popularity-as-a-de veloper-language-but-how-much-is-apple-using-swift/",
    date      = "November 2017",
    keywords  = "swift",
    note = {Available at \url{https://9to5mac.com/2016/01/18/swift-is-quickly-rising-in-popularity-as-a-developer-language-but-how-much-is-apple-using-swift/}, (Accessed Date November 2016) }
}


@misc{webserver,
    author    = "",
    title     = "Django vs Flask: Which Is Better for Your Web App?",
    url       = "https://a-coding.com/a-review-of-ios-dependency-managers/",
    date      = "November 2016",
    keywords  = "frameworks",
    note = {Available at \url{http://ddi-dev.com/blog/programming/django-vs-flask-which-better-your-web -app/}, (Accessed Date November 2016)}
}


@misc{database,
    author    = "",
    title     = "When to Use MongoDB Rather than MySQL (or Other RDBMS): The Billing Example - DZone Database",
    url       = "https://dzone.com/articles/when-use-mongodb-rather-mysql",
    date      = "November 2016",
    keywords  = "frameworks",
    note = {Available at \url{https://dzone.com/articles/when-use-mongodb-rather-mysql}, (Accessed Date November 2016) }
}


@misc{server,
    author    = "Barker D",
    title     = "A review of iOS dependency managers",
    url       = "http://www.techradar.com/news/software/operating-systems/windows-vs-lin ux-which-os-is-best-for-your-business-1265775",
    date      = "November 2016",
    keywords  = "frameworks",
    note = {Available at \url{http://www.techradar.com/news/software/operating-systems/windows-vs-lin ux-which-os-is-best-for-your-business-1265775}, (Accessed Date November 2016) }
}


@misc{windows,
    author    = "Windows",
    title     = "Windows Server 2016 Licensing & Pricing | Microsoft",
    url       = "https://www.microsoft.com/en-us/cloud-platform/windows-server-pricing",
    date      = "November 2016",
    keywords  = "windows",
    note = {Available at \url{https://www.microsoft.com/en-us/cloud-platform/windows-server-pricing}, (Accessed Date November 2016) }
}


@misc{ditTimetable,
    author    = "Timetable Barnard",
    title     = "DIT Timetable on the App Store",
    url       = "https://itunes.apple.com/ie/app/dit-timetable/id1028116222?mt=8",
    date      = "November 2016",
    keywords  = "frameworks",
    note = {Available at \url{https://itunes.apple.com/ie/app/dit-timetable/id1028116222?mt=8}, (Accessed Date November 2016) }
}


@misc{trust5,
    author    = "",
    title     = "Trust5",
    url       = "http://www.trust5.com",
    date      = "November 2016",
    keywords  = "developer",
    note = {Available at \url{http://www.trust5.com}, (Accessed Date November 2016) }
}


@misc{tapadoo,
    author    = "",
    title     = "Home | Tapadoo",
    url       = "https://tapadoo.com",
    date      = "November 2016",
    keywords  = "developer",
    note = {Available at \url{https://tapadoo.com}, (Accessed Date November 2016) }
}

@misc{parse,
    author    = "",
    title     = "Parse",
    url       = "https://parse.com/",
    date      = "October 2016",
    keywords  = "mbaas",
    note = {Available at \url{https://parse.com/}, (Accessed Date October 2016) }
}

@misc{firebase,
    author    = "Google",
    title     = "Firebase | App success made simple",
    url       = "https://firebase.google.com/",
    date      = "September 2016",
    keywords  = "mbaas",
    note = {Available at \url{https://firebase.google.com/}, (Accessed Date September 2016) }
}

@misc{firebase2,
    author    = "Google",
    title     = "Pricing | Firebase",
    url       = "https://firebase.google.com/pricing/",
    date      = "October 2016",
    keywords  = "mbaas",
    note = {Available at \url{https://firebase.google.com/pricing/}, (Accessed Date October 2016) }
}


@misc{baasBox,
    author    = "",
    title     = "BaasBox – Build Awesome Apps Faster",
    url       = " http://www.baasbox.com/en/",
    date      = "September 2016",
    keywords  = "mbaas",
    note = {Available at \url{http://www.baasbox.com/en/}, (Accessed Date September 2016) }
}


@misc{aws,
    author    = "Amazon",
    title     = "Pricing | Amazon Web Services, Inc. 2016",
    url       = "https://aws.amazon.com/ec2",
    date      = "September 2016",
    keywords  = "mbaas",
    note = {Available at \url{https://aws.amazon.com/ec2}, (Accessed Date September 2016) }
}


@misc{django,
    author    = "",
    title     = "The Web framework for perfectionists with deadlines | Django",
    url       = "https://www.djangoproject.com",
    date      = "October 2016",
    keywords  = "webserver",
    note = {Available at \url{https://www.djangoproject.com}, (Accessed Date October 2016) }
}


@misc{flask,
    author    = "",
    title     = "Welcome | Flask (A Python Microframework)",
    url       = "http://flask.pocoo.org",
    date      = "October 2016",
    keywords  = "webserver",
    note = {Available at \url{http://flask.pocoo.org}, (Accessed Date October 20160 }
}


@misc{webranking,
    author    = "",
    title     = "Web framework rankings | HotFrameworks",
    url       = "http://hotframeworks.com/",
    date      = "November 2016",
    keywords  = "webserver",
    note = {Available at \url{http://hotframeworks.com/}, (Accessed Date November 20160 }
}

@misc{perfect,
    author    = "",
    title     = "Perfect",
    url       = "http://perfect.org/",
    date      = "January 2017",
    keywords  = "webserver",
    note = {Available at \url{http://perfect.org/}, (Accessed Date January 2017) }
}

@misc{kitura,
    author    = "IBM",
    title     = "Kitura",
    url       = "http://www.kitura.io",
    date      = "January 2017",
    keywords  = "webserver",
    note = {Available at \url{http://www.kitura.io}, (Accessed Date January 2017) }
}


@misc{benchmark,
    author    = "",
    title     = "Benchmarks for the Top Server-Side Swift Frameworks vs. Node.js",
    url       = "https://medium.com/@rymcol/benchmarks-for-the-top-server-side-swift-frameworks-vs-node-js-24460cfe0beb#.3cmlf3psm",
    date      = "January 2017",
    keywords  = "benchmark",
    note = {Available at \url{https://medium.com/@rymcol/benchmarks-for-the-top-server-side-swift-frameworks-vs-node-js-24460cfe0beb#.3cmlf3psm}, (Accessed Date January 2017) }
}

@misc{github1,
    author    = "",
    title     = "Perfect Github repository",
    url       = "https://github.com/PerfectlySoft/Perfect",
    date      = "January 2017",
    keywords  = "github",
    note = {Available at \url{https://github.com/PerfectlySoft/Perfect}, (Accessed Date January 2017) }
}

@misc{apns,
    author    = "",
    title     = "APNs",
    url       = "https://loopback.io/images/9830524.png",
    date      = "January 2017",
    keywords  = "github",
    note = {Available at \url{https://loopback.io/images/9830524.png}, (Accessed Date January 2017) }
}

@misc{ec2,
    author    = "",
    title     = "Amazon",
    url       = "https://aws.amazon.com/ec2/?nc2=h_m1",
    date      = "January 2017",
    keywords  = "github",
    note = {Available at \url{https://aws.amazon.com/ec2/?nc2=h_m1}, (Accessed Date January 2017) }
}

@misc{digital,
    author    = "",
    title     = "DigitalOcean",
    url       = "https://www.digitalocean.com",
    date      = "January 2017",
    keywords  = "github",
    note = {Available at \url{https://www.digitalocean.com}, (Accessed Date January 2017) }
}

@misc{github,
    author    = "",
    title     = "Github",
    url       = "https://github.com",
    date      = "January 2017",
    keywords  = "github",
    note = {Available at \url{https://github.com}, (Accessed Date January 2017) }
}

@misc{perfectAssist,
    author    = "",
    title     = "Perfect Assistant",
    url       = "http://perfect.org/en/assistant/",
    date      = "January 2017",
    keywords  = "perfect",
    note = {Available at \url{http://perfect.org/en/assistant/}, (Accessed Date January 2017) }
}

@misc{apache,
    author    = "",
    title     = "Apache",
    url       = "https://httpd.apache.org",
    date      = "October 2016",
    keywords  = "server",
    note = {Available at \url{https://httpd.apache.org}, (Accessed Date October 2016) }
}

@misc{nginx,
    author    = "",
    title     = "NGINX",
    url       = "https://www.nginx.com/resources/wiki/",
    date      = "October 2016",
    keywords  = "server",
    note = {Available at \url{https://www.nginx.com/resources/wiki/}, (Accessed Date October 2016) }
}

@misc{repeat,
    author    = "",
    title     = "DevIQ",
    url       = "http://deviq.com/don-t-repeat-yourself/",
    date      = "October 2016",
    keywords  = "server",
    note = {Available at \url{http://deviq.com/don-t-repeat-yourself/}, [cited October 2016] }
}

@misc{charts,
    author    = "",
    title     = "Github",
    url       = "http://deviq.com/don-t-repeat-yourself/",
    date      = "February 2017",
    keywords  = "server",
    note = {Available at \url{https://github.com/danielgindi/Charts}, (Accessed Date February 2017) }
}

@misc{cocoa,
    author    = "",
    title     = "Apple",
    url       = "https://developer.apple.com/library/content/documentation/MacOSX/Conceptual/OSX_Technology_Overview/CocoaApplicationLayer/CocoaApplicationLayer.html",
    date      = "February 2017",
    keywords  = "server",
    note = {Available at \url{https://developer.apple.com/library/content/documentation/MacOSX/Conceptual/OSX_Technology_Overview/CocoaApplicationLayer/CocoaApplicationLayer.html}, (Accessed Date February 2017) }
}

@misc{protocol,
    author    = "",
    title     = "Apple",
    url       = "https://developer.apple.com/library/content/documentation/Swift/Conceptual/Swift_Programming_Language/Protocols.html",
    date      = "February 2017",
    keywords  = "protocol",
    note = {Available at \url{https://developer.apple.com/library/content/documentation/Swift/Conceptual/Swift_Programming_Language/Protocols.html}, (Accessed Date February 2017) }
}

@misc{ted1,
    author    = "Ted Schadler",
    title     = "Mobile Needs A Four-Tier Engagement Platform",
    url       = "http://blogs.forrester.com/ted_schadler/13-11-20-mobile_needs_a_four_tier_engagement_platform?utm_source=time-to-move-to-a-four-tier-application-architecture&utm_medium=blog ",
    date      = "November 2016",
    keywords  = "protocol",
    note = {Available at \url{http://blogs.forrester.com/ted_schadler/13-11-20-mobile_needs_a_four_tier_engagement_platform?utm_source=time-to-move-to-a-four-tier-application-architecture&utm_medium=blog }, (Accessed Date November 2016) }
}

@misc{guidelines,
    author    = "",
    title     = "macOS Human Interface Guidelines",
    url       = "https://developer.apple.com/library/content/documentation/UserExperience/Conceptual/OSXHIGuidelines/DesignPrinciples.html#//apple_ref/doc/uid/20000957-CH18-SW1",
    date      = "February 2017",
    keywords  = "HIG",
    note = {Available at \url{https://developer.apple.com/library/content/documentation/UserExperience/Conceptual/OSXHIGuidelines/DesignPrinciples.html#//apple_ref/doc/uid/20000957-CH18-SW1}, (Accessed Date February 2017) }
}

@misc{iaas,
    author    = "",
    title     = "DigitalOcean vs AWS",
    url       = "https://www.upguard.com/articles/digitalocean-vs-aws",
    date      = "October 2016",
    keywords  = "iaas",
    note = {Available at \url{https://www.upguard.com/articles/digitalocean-vs-aws}, (Accessed Date October 2016) }
}

@misc{server_choice,
    author    = "",
    title     = "Nginx vs Apache",
    url       = "https://www.upguard.com/articles/apache-vs-nginx",
    date      = "October 2016",
    keywords  = "iaas",
    note = {Available at \url{https://www.upguard.com/articles/apache-vs-nginx}, (Accessed Date October 2016) }
}

@misc{backendless,
    author    = "",
    title     = "Backendless",
    url       = "https://backendless.com/what-is-backend-as-a-service/",
    date      = "October 2016",
    keywords  = "iaas",
    note = {Available at \url{https://backendless.com/what-is-backend-as-a-service/}, (Accessed Date October 2016) }
}

@misc{swift_manager,
    author    = "",
    title     = "Swift",
    url       = "https://swift.org/package-manager/#conceptual-overview",
    date      = "March 2017",
    keywords  = "swift",
    note = {Available at \url{https://swift.org/package-manager/#conceptual-overview}, (Accessed Date March 2017) }
}

@misc{xcode,
    author    = "",
    title     = "Xcode- Apple Developer",
    url       = "https://developer.apple.com/xcode/",
    date      = "September 2016",
    keywords  = "xcode",
    note = {Available at \url{https://developer.apple.com/xcode/}, (Accessed Date September 2016) }
}


@misc{postman,
    author    = "",
    title     = "Postman | Supercharge your API workflow",
    url       = "https://www.getpostman.com",
    date      = "September 2016",
    keywords  = "postman",
    note = {Available at \url{https://www.getpostman.com}, (Accessed Date September 2016) }
}

@misc{apns_web,
    author    = "",
    title     = "APNs Overview",
    url       = "https://developer.apple.com/library/content/documentation/NetworkingInternet/Conceptual/RemoteNotificationsPG/APNSOverview.html#//apple_ref/doc/uid/TP40008194-CH8-SW1",
    date      = "September 2016",
    keywords  = "apns",
    note = {Available at \url{https://developer.apple.com/library/content/documentation/NetworkingInternet/Conceptual/RemoteNotificationsPG/APNSOverview.html#//apple_ref/doc/uid/TP40008194-CH8-SW1}, (Accessed Date September 2016) }
}

@misc{oauth,
    author    = "",
    title     = "OAuth 2",
    url       = "https://oauth.net/2/",
    date      = "March 2017",
    keywords  = "apns",
    note = {Available at \url{https://oauth.net/2/}, (Accessed Date March 2017) }
}

@misc{github_oauth,
    author    = "",
    title     = "Github Mac App",
    url       = "https://github.com/p2/OAuth2App",
    date      = "March 2017",
    keywords  = "apns",
    note = {Available at \url{https://github.com/p2/OAuth2App}, (Accessed Date March 2017) }
}



@misc{email_1,
    author    = "",
    title     = "",
    url       = "",
    date      = "March 2017",
    keywords  = "email",
    note = { McCarthy, Patrick, $<$pmccarthy@trust5.com$>$, "Re: DIT Final Year Project", 11 March 2017 }
}

@misc{email_2,
    author    = "",
    title     = "",
    url       = "",
    date      = "March 2017",
    keywords  = "email",
    note = { Hilal, Gamal, $<$gamal@trust5.com$>$, "Re: Final Year Project", 24 March 2017 }
}

